%% Examples
@book{neu,
	title        = {Algebraic Number Theory (Schappacher, N., trans.)},
	author       = {Neukirch, J\"urgen},
	year         = 1999,
	publisher    = {New York: Springer-Verlag}
}
,
@misc{wiki:transcipher,
	title        = {Transposition_cipher --- {W}ikipedia{,} The Free Encyclopedia},
	author       = {{Wikipedia contributors}},
	year         = 2020,
	url          = {https://en.wikipedia.org/wiki/Transposition_cipher}
}
,
@misc{keating,
	title        = {Cryptography Hints},
	author       = {{Barry Keating}},
	year         = 2017,
	url          = {https://www3.nd.edu/~busiforc/handouts/cryptography/cryptography%20hints.html}
	}
	,
	
%% Real sources
@misc{algorithms_01,
	title        = {The Algorithms : C-Plus-Plus},
	author       = {{189 Github Contributors}},
	year         = 2020,
	url          = {https://github.com/TheAlgorithms/C-Plus-Plus}
}
,
@misc{wiki:selfdoc,
	title        = {Self Documenting Code - Wikipedia},
	author       = {},
	year         = {},
	month        = {},
	note         = {(Accessed on 01/04/2021)},
	howpublished = {\url{https://en.wikipedia.org/wiki/Self-documenting_code}}
}
,
@misc{wiki:ds,
	title        = {Data structure - Wikipedia},
	author       = {},
	year         = {},
	month        = {},
	note         = {(Accessed on 01/04/2021)},
	howpublished = {\url{https://en.wikipedia.org/wiki/Data_structure}}
}
,
@misc{wiki:alg,
	title        = {Algorithm - Wikipedia},
	author       = {},
	year         = {},
	month        = {},
	note         = {(Accessed on 01/04/2021)},
	howpublished = {\url{https://en.wikipedia.org/wiki/Algorithm}}
}
,
@misc{arrayvlinked,
	title        = {Difference Between Array and Linked List (with Comparison Chart) - Tech Differences},
	author       = {},
	year         = {},
	month        = {},
	note         = {(Accessed on 01/04/2021)},
	howpublished = {\url{https://techdifferences.com/difference-between-array-and-linked-list.html}}
}
,
@misc{DataStru95:online,
	title        = {Data Structure and Algorithms - AVL Trees - Tutorialspoint},
	author       = {},
	year         = {},
	month        = {},
	note         = {(Accessed on 01/06/2021)},
	howpublished = {\url{https://www.tutorialspoint.com/data_structures_algorithms/avl_tree_algorithm.htm}}
}
,
@misc{Computat1wiki,
	title        = {Computational complexity theory - Wikipedia},
	author       = {},
	year         = {},
	month        = {},
	note         = {(Accessed on 01/19/2021)},
	howpublished = {\url{https://en.wikipedia.org/wiki/Computational_complexity_theory}}
}
,
@misc{Timecomp,
	title        = {Time complexity - Wikipedia},
	author       = {},
	year         = {},
	month        = {},
	note         = {(Accessed on 01/19/2021)},
	howpublished = {\url{https://en.wikipedia.org/wiki/Time_complexity}}
}
,
@misc{Linkedli4,
	title        = {Linked list - Wikipedia},
	author       = {},
	year         = {},
	month        = {},
	note         = {(Accessed on 01/19/2021)},
	howpublished = {\url{https://en.wikipedia.org/wiki/Linked_list}}
}
,
@misc{Locality63,
	title        = {Locality of reference - Wikipedia},
	author       = {},
	year         = {},
	month        = {},
	note         = {(Accessed on 01/19/2021)},
	howpublished = {\url{https://en.wikipedia.org/wiki/Locality_of_reference}}
}
,
@misc{Heapdata,
	title        = {Heap (data structure) - Wikipedia},
	author       = {},
	year         = {},
	month        = {},
	note         = {(Accessed on 01/21/2021)},
	howpublished = {\url{https://en.wikipedia.org/wiki/Heap_%28data_structure%29}}
		}
,
@misc{Binaryhe5,
	author = {},
	title = {Binary heap - Wikipedia},
	howpublished = {\url{https://en.wikipedia.org/wiki/Binary_heap}},
	month = {},
	year = {},
	note = {(Accessed on 01/22/2021)}
}
,
@book{knuth1997art,
	title={The art of computer programming},
	author={Knuth, Donald Ervin},
	volume={3},
	year={1997},
	publisher={Pearson Education}
}
,
@misc{Priority36,
	author = {},
	title = {Priority queue - Wikipedia},
	howpublished = {\url{https://en.wikipedia.org/wiki/Priority_queue}},
	month = {},
	year = {},
	note = {(Accessed on 01/22/2021)}
}
,
@misc{marytree,
	author = {},
	title = {m-ary tree - Wikipedia},
	howpublished = {\url{https://en.wikipedia.org/wiki/M-ary_tree}},
	month = {},
	year = {},
	note = {(Accessed on 01/24/2021)}
},

@misc{Trie,
	author = {},
	title = {Trie - Wikipedia},
	howpublished = {\url{https://en.wikipedia.org/wiki/Trie}},
	month = {},
	year = {},
	note = {(Accessed on 01/24/2021)}
},
@misc{Btree,
	author = {},
	title = {B-tree - Wikipedia},
	howpublished = {\url{https://en.wikipedia.org/wiki/B-tree}},
	month = {},
	year = {},
	note = {(Accessed on 01/24/2021)}
},

@misc{Rtree,
	author = {},
	title = {R-tree - Wikipedia},
	howpublished = {\url{https://en.wikipedia.org/wiki/R-tree}},
	month = {},
	year = {},
	note = {(Accessed on 01/24/2021)}
},

@misc{Spacecom51:online,
	author = {},
	title = {Space complexity - Wikipedia},
	howpublished = {\url{https://en.wikipedia.org/wiki/Space_complexity}},
	month = {},
	year = {},
	note = {(Accessed on 02/02/2021)}
},

@misc{Deletion15:online,
    author = {},
    title = {Deletion from BST (Binary Search Tree) - Techie Delight},
    howpublished = {\url{https://www.techiedelight.com/deletion-from-bst/}},
    month = {},
    year = {},
    note = {(Accessed on 02/04/2021)}
}

@misc{Treetrav14:online,
    author = {},
    title = {Tree traversal - Wikipedia},
    howpublished = {\url{https://en.wikipedia.org/wiki/Tree_traversal}},
    month = {},
    year = {},
    note = {(Accessed on 02/04/2021)}
}
% https://google.github.io/styleguide/cppguide.html

% https://flamingtempura.github.io/bibtex-tidy/